% This file was created with Citavi 6.7.0.0

@article{ada,
 year = {2014},
 title = {Diagnosis and classification of diabetes mellitus},
 pages = {S81-90},
 volume = {37 Suppl 1},
 journal = {Diabetes care},
 doi = {10.2337/dc14-S081}
}

@article{who,
 author = {Alberti, K.G.M.M. and Zimmet, P. Z.},
 year = {1998},
 title = {Definition, diagnosis and classification of diabetes mellitus and its complications. Part 1: diagnosis and classification of diabetes mellitus. Provisional report of a WHO Consultation},
 pages = {539--553},
 volume = {15},
 number = {7},
 issn = {0742-3071},
 journal = {Diabetic Medicine},
 doi = {10.1002/(SICI)1096-9136(199807)15:7{\textless}539::AID-DIA668{\textgreater}3.0.CO;2-S}
}

@book{faller,
 author = {Faller, Adolf and Sch{\"u}nke, Michael},
 year = {2020},
 title = {Der K{\"o}rper des Menschen: Einf{\"u}hrung in Bau und Funktion},
 address = {Stuttgart},
 edition = {18., unver{\"a}nderte Auflage},
 publisher = {Thieme},
 isbn = {9783132438200},
 file = {http://www.worldcat.org/oclc/1197701183}
}

@book{campbell,
 author = {Urry, Lisa A. and Cain, Michael L. and Wasserman, Steven A. and Minorsky, Peter V. and Reece, Jane B.},
 year = {2019},
 title = {Campbell Biologie},
 address = {Hallbergmoos},
 edition = {11., aktualisierte Auflage},
 publisher = {Pearson},
 isbn = {9783863268671},
 file = {http://www.worldcat.org/oclc/1112133850}
}

@misc{ wiki:insulin,
 author = "{Wikipedia contributors}",
 title = "Insulin --- {Wikipedia}{,} The Free Encyclopedia",
 year = "2020",
 url = "https://en.wikipedia.org/w/index.php?title=Insulin&oldid=991846613",
 note = "[Online; accessed 5-December-2020]"
}

% This file was created with Citavi 6.7.0.0

@article{dyn,
 year = {2017},
 author = {Jonas Halfvarson, et al},
 title = {Dynamics of the human gut microbiome in inflammatory bowel disease},
 pages = {17004},
 volume = {2},
 journal = {Nature microbiology},
 doi = {10.1038/nmicrobiol.2017.4}
}


